%% This BibTeX bibliography file was created using BibDesk.
%% http://bibdesk.sourceforge.net/

%% Created for Claudia GÃ¼nther at 2018-03-12 16:00:11 +0100 


%% Saved with string encoding Unicode (UTF-8) 



@article{chernozhukov2013inference,
	Author = {Chernozhukov, Victor and Fern{\'a}ndez-Val, Iv{\'a}n and Melly, Blaise},
	Date-Added = {2018-03-12 15:00:05 +0000},
	Date-Modified = {2018-03-12 15:00:05 +0000},
	Journal = {Econometrica},
	Number = {6},
	Pages = {2205--2268},
	Publisher = {Wiley Online Library},
	Title = {Inference on counterfactual distributions},
	Volume = {81},
	Year = {2013}}

@article{kalwij2005labour,
	Author = {Kalwij, Adriaan and Vermeulen, Frederic},
	Date-Added = {2018-02-28 09:17:24 +0000},
	Date-Modified = {2018-02-28 09:17:24 +0000},
	Title = {Labour force participation of the elderly in Europe: The importance of being healthy},
	Year = {2005}}

@book{greene2012econometric,
	Author = {Greene, William H},
	Date-Added = {2018-02-27 10:53:23 +0000},
	Date-Modified = {2018-02-27 10:54:08 +0000},
	Edition = {Seventh Edition},
	Publisher = {Pearson Education},
	Title = {Econometric analysis},
	Year = {2012}}

@book{wooldridge2010econometric,
	Author = {Wooldridge, Jeffrey M},
	Date-Added = {2018-02-26 20:19:48 +0000},
	Date-Modified = {2018-02-26 20:19:48 +0000},
	Publisher = {MIT press},
	Title = {Econometric analysis of cross section and panel data},
	Year = {2010}}
