
 @Manual{dplyr,
    title = {dplyr: A Grammar of Data Manipulation},
    author = {Hadley Wickham and Romain Francois and Lionel Henry and Kirill Mï¿½ller},
    year = {2017},
    note = {R package version 0.7.4},
    url = {https://CRAN.R-project.org/package=dplyr},
  }


  @Manual{magrittr,
    title = {magrittr: A Forward-Pipe Operator for R},
    author = {Stefan Milton Bache and Hadley Wickham},
    year = {2014},
    note = {R package version 1.5},
    url = {https://CRAN.R-project.org/package=magrittr},
  }

  @Manual{infuser,
    title = {infuser: A Very Basic Templating Engine},
    author = {Bart Smeets},
    year = {2017},
    note = {R package version 0.2.8},
    url = {https://CRAN.R-project.org/package=infuser},
  }

  @Manual{countrycode,
    title = {countrycode: Convert Country Names and Country Codes},
    author = {Vincent Arel-Bundock},
    year = {2018},
    note = {R package version 1.00.0},
    url = {https://CRAN.R-project.org/package=countrycode},
  }


  @Manual{tidyr,
    title = {tidyr: Easily Tidy Data with 'spread()' and 'gather()' Functions},
    author = {Hadley Wickham and Lionel Henry},
    year = {2017},
    note = {R package version 0.7.2},
    url = {https://CRAN.R-project.org/package=tidyr},
  }


  @Manual{purrr,
    title = {purrr: Functional Programming Tools},
    author = {Lionel Henry and Hadley Wickham},
    year = {2017},
    note = {R package version 0.2.4},
    url = {https://CRAN.R-project.org/package=purrr},
  }


  @Manual{webshot,
    title = {webshot: Take Screenshots of Web Pages},
    author = {Winston Chang},
    year = {2017},
    note = {R package version 0.5.0},
    url = {https://CRAN.R-project.org/package=webshot},
  }



  @Manual{htmltools,
    title = {htmltools: Tools for HTML},
    author = {{RStudio} and {Inc.}},
    year = {2017},
    note = {R package version 0.3.6},
    url = {https://CRAN.R-project.org/package=htmltools},
  }



  @Manual{devtools,
    title = {devtools: Tools to Make Developing R Packages Easier},
    author = {Hadley Wickham and Winston Chang},
    year = {2017},
    note = {R package version 1.13.4},
    url = {https://CRAN.R-project.org/package=devtools},
  }



  @Book{ggplot2,
    author = {Hadley Wickham},
    title = {ggplot2: Elegant Graphics for Data Analysis},
    publisher = {Springer-Verlag New York},
    year = {2016},
    isbn = {978-3-319-24277-4},
    url = {http://ggplot2.org},
  }



  @Manual{gridExtra,
    title = {gridExtra: Miscellaneous Functions for "Grid" Graphics},
    author = {Baptiste Auguie},
    year = {2017},
    note = {R package version 2.3},
    url = {https://CRAN.R-project.org/package=gridExtra},
  }



  @Manual{stats,
    title = {R: A Language and Environment for Statistical Computing},
    author = {{R Core Team}},
    organization = {R Foundation for Statistical Computing},
    address = {Vienna, Austria},
    year = {2017},
    url = {https://www.R-project.org/},
  }
